


@misc{Gym,
        Author = {Greg Brockman and Vicki Cheung and Ludwig Pettersson and Jonas Schneider and John Schulman and Jie Tang and Wojciech Zaremba},
        Title = {OpenAI Gym},
        Year = {2016},
        Eprint = {arXiv:1606.01540},
}

@misc{DQN_nature,
        Author = {Volodymyr Mnih1 and Koray Kavukcuoglu1 and David Silver1 et al},
        Title = {Human-level control through deep reinforcement learning},
        Year = {2015},
        Eprint = {nature:14236},
}

@misc{Double_DQN,
        Author = {Hado van Hasselt, Arthur Guez, David Silver},
        Title = {Deep Reinforcement Learning with Double Q-learning},
        Year = {2016},
        Eprint = {arXiv:1509.06461},
}

@misc{Dueling_network,
        Author = {Ziyu Wang, Tom Schaul, Matteo Hessel et al},
        Title = {Dueling Network Architectures for Deep Reinforcement Learning},
        Year = {2015},
        Eprint = {arXiv:1511.06581},
}

@misc{Atari_DRL,
        Author = {Volodymyr Mnih, Koray Kavukcuoglu, David Silver et al},
        Title = {Playing Atari with Deep Reinforcement Learning},
        Year = {2013},
        Eprint = {arXiv:1312.5602},
}

@ARTICLE{bellemare13arcade,
  author = {{Bellemare}, M.~G. and {Naddaf}, Y. and {Veness}, J. and {Bowling}, M.},
  title = {The Arcade Learning Environment: An Evaluation Platform for General Agents},
  journal = {Journal of Artificial Intelligence Research},
  year = 2013,
  month = 06,
  volume = 47,
  pages = {253--279}
}

@misc{A3C,
        Author = {Volodymyr Mnih, Adrià Puigdomènech Badia, Mehdi Mirza et al},
        Title = {Asynchronous Methods for Deep Reinforcement Learning},
        Year = {2016},
        Eprint = {arXiv:1602.01783},
}

@misc{DQN_zhihu,
   author = {Flood Sung},
   title = {DQN from Entry to Give Up},
   howpublished = {\url{https://zhuanlan.zhihu.com/p/21421729}}
}

@misc{DQN_csdn,
   author = {Jiangyuan Wang},
   title = {Demystifying Deep Reinforcement Learning},
   howpublished = {\url{http://blog.sina.com.cn/s/blog_44befaf60102wh1p.html}}
}


@misc{github_code1,
   author = {carpedm20},
   title = {deep-rl-tensorflow},
   howpublished = {\url{https://github.com/carpedm20/deep-rl-tensorflow}}
}

@misc{github_code2,
   author = {devsisters},
   title = {DQN-tensorflow},
   howpublished = {\url{https://github.com/devsisters/DQN-tensorflow}}
}

@misc{RL_zhihu,
   author = {Flood Sung},
   title = {Intelligentunit},
   howpublished = {\url{https://zhuanlan.zhihu.com/intelligentunit}}
}

@misc{github_code3,
   author = {Kaixhin},
   title = {Atari},
   howpublished = {\url{https://github.com/Kaixhin/Atari}}
}

@misc{course1,
   author = {d.silver},
   title = {UCL Course on RL},
   howpublished = {\url{http://www0.cs.ucl.ac.uk/staff/d.silver/web/Teaching.html}}
}

@misc{course2,
   author = {Richard S. Sutton and Andrew G. Barto},
   title = {Reinforcement Learning:
   An Introduction},
   howpublished = {\url{https://webdocs.cs.ualberta.ca/~sutton/book/bookdraft2016sep.pdf}}
}

@misc{course3,
   author = {},
   title = {LEARNING REINFORCEMENT LEARNING (WITH CODE, EXERCISES AND SOLUTIONS)},
   howpublished = {\url{http://www.wildml.com/2016/10/learning-reinforcement-learning/}}
}
